@book{lamport1994latex,
  title={{LATEX}: a document preparation system: user's guide and reference manual},
  author={Lamport, Leslie},
  year={1994},
  publisher={Addison-wesley}
}

@book{kottwitzlatex2021,
	title = {{LaTeX} beginner's guide : create visually appealing texts, articles, and books for business and science using {LaTeX}},
	author = {Kottwitz, Stefan},
	year = {2021},
    publisher = {Packt},
	note = {ISBN: 9781801072588},
}

@misc{uor_refernce_style,
    author = {{University of Reading}},
    title = {Styles of referencing: Guidance on citing references for students at the University of Reading},
    year = {2023},
    url = {https://libguides.reading.ac.uk/citing-references/referencingstyles},
    note = {(Accessed: 6 June 2023)}
}

@misc{uor_plagiarism,
    author = {{University of Reading}},
    title = {Avoiding unintentional plagiarism: Guidance on citing references for students at the University of Reading: Styles of referencing},
    year = {2023},
    url = {https://libguides.reading.ac.uk/citing-references/avoidingplagiarism},
    note = {(Accessed: 6 June 2023)}
}

@online{openai_costs,
    title = {How much does GPT-4 cost?},
    url = {https://help.openai.com/en/articles/7127956-how-much-does-gpt-4-cost},
    year = {2024},
    organization = {OpenAI}
}

@article{mixtral_paper,
    title = {Mixtral: Efficient LLM Routing through Mixture of Experts},
    year = {2024},
    journal = {arXiv preprint arXiv:2403.12031}
}

@article{mixtral2024,
    title = {Mixtral 8x7B: Sparse Mixture of Experts},
    journal = {arXiv preprint arXiv:2403.12031},
    year = {2024}
}

@online{routellm_blog,
    title = {RouteLLM: Cost-Effective AI with Dynamic Model Selection},
    url = {https://lmsys.org/blog/2024-07-01-routellm},
    year = {2024},
    organization = {LMSYS}
}

@article{routellm2024,
    title = {RouteLLM: A Platform for Cost-Effective Large Language Model Inference},
    url = {https://lmsys.org/blog/2024-07-01-routellm},
    year = {2024},
    organization = {LMSYS}
}

@article{toolformer,
    title = {Toolformer: Language Models Can Teach Themselves to Use Tools},
    journal = {arXiv preprint arXiv:2302.04761},
    year = {2023}
}

@article{toolformer2023,
    title = {Toolformer: Language Models Can Teach Themselves to Use Tools},
    journal = {arXiv preprint arXiv:2302.04761},
    year = {2023}
}

@online{liveperson_routing,
    title = {Route Consumers Conversationally},
    url = {https://developers.liveperson.com/conversation-builder-generative-ai-routing-ai-agents-route-consumers-conversationally.html},
    year = {2024},
    organization = {LivePerson}
}

@online{liveperson2024,
    title = {AI Agent Routing},
    url = {https://developers.liveperson.com/conversation-builder-generative-ai-routing-ai-agents-route-consumers-conversationally.html},
    year = {2024},
    organization = {LivePerson}
}

@online{aws_routing,
    title = {Multi-LLM routing strategies for generative AI applications on AWS},
    url = {https://aws.amazon.com/blogs/machine-learning/multi-llm-routing-strategies-for-generative-ai-applications-on-aws/},
    year = {2024},
    organization = {Amazon Web Services}
}

@online{aws_routing2024,
    title = {Multi-LLM routing strategies for generative AI applications},
    url = {https://aws.amazon.com/blogs/machine-learning/multi-llm-routing-strategies-for-generative-ai-applications-on-aws/},
    year = {2024},
    organization = {AWS}
}

@article{clustering_paper,
    title = {Semantic Clustering for LLM Routing},
    journal = {arXiv preprint arXiv:2502.00409v2},
    year = {2024}
}

@article{clustering2024,
    title = {Semantic Clustering for Efficient LLM Routing},
    journal = {arXiv preprint arXiv:2502.00409v2},
    year = {2024}
}

@article{routerbench2024,
    title = {Router Bench: Benchmarking LLM Routing Mechanisms},
    journal = {arXiv preprint arXiv:2403.12031},
    year = {2024}
}

